% Encoding: UTF-8
%Introduction--------------------------------------------------------------------
@online{htsuperficie,
	author = {THE WORLD BANK},
	title = {Surface area (sq. km) - Haiti},
	url = {https://data.worldbank.org/indicator/AG.SRF.TOTL.K2?locations=HT},
	year = {2021},
	urldate = {2024-01-04},
}


@online{htpopulationA,
	author = {United Nations},
	title = {World Population Prospects 2022},
	url = {https://population.un.org/wpp/Download/Standard/Population/},
	year = {2022},
	urldate = {2024-01-04},
}

@misc{htpopulationB,
	author = {Department of Economic and Social Affairs
	Population Division of the United Nations},
	title = {WPP2022\_POP\_F01\_1\_POPULATION\_SINGLE\_AGE\_BOTH\_SEXES},
	subtitle = {File POP/01-1: Total population (both sexes combined) by single age, region, subregion and country, annually for 1950-2100 (thousands)},
	titleaddon = {Liste de la population de pays du monde par pays et par age},
	note = {Excel file with annual estimates and standard projection scenarios},
	year = {2022},
	url = {https://population.un.org/wpp/Download/Files/1_Indicators%20(Standard)/EXCEL_FILES/2_Population/WPP2022_POP_F01_1_POPULATION_SINGLE_AGE_BOTH_SEXES.xlsx},
	urldate = {2024-01-04},
}


@online{RisqueEnHaiti,
	author = {Hans Ludwig, Joseph},
	title = {Au titre des risques naturels, Ha\"iti est un \'Etat violateur de ses engagements internationaux},
	url = {https://www.lenouvelliste.com/article/193576/au-titre-des-risques-naturels-haiti-est-un-etat-violateur-de-ses-engagements-internationaux},
	date = {2018-10-08},
	urldate = {2024-01-04},
}




@online{seisme2010,
	author = {Nations Unies},
	title = {UN marks anniversary of devastating 2010 Haiti earthquake},
	date = {2022-01-12},
	url = {https://news.un.org/en/story/2022/01/1109632},
	urldate = {2024-01-04},
}





@online{ouraganMatthew1,
	author = {RFI},
	title = {Ha\"iti: les cons\'equences politiques et sociales de l'ouragan Matthew},
	date = {2016-10-29},
	url = {https://www.rfi.fr/fr/ameriques/20161029-haiti-cyclone-matthew-consequences-politique-sociale},
	urldate = {2024-01-04},

}



@online{ouraganMatthew2,
	author = {Banque mondiale},
	title = {Les le\c{c}ons de l'ouragan Matthew en Ha\"iti : appliquer des solutions innovantes, abordables et reproductibles \`a l'aide de drones et de donn\'ees spatiales},
	date = {2021-04-29},
	url = {https://blogs.worldbank.org/fr/latinamerica/les-lecons-de-louragan-matthew-en-haiti-appliquer-des-solutions-innovantes-abordables},
	urldate = {2024-01-04}
}

@Online{ouraganJeanne,
  author  = {CEPALC},
  editor  = {CEPALC},
  title   = {Le cyclonne Jeanne en Ha\"iti: d\'egats et effets sur les departements du Nord-Ouest et de l'Artibonite: approfondissement de la vulnerabilit\'e},
  year    = {2005},
  date    = {2005-03},
  url     = {https://www.cepal.org/fr/publicaciones/25729-le-cyclonne-jeanne-haiti-degats-et-effets-sur-les-departements-du-nord-ouest-et},
  urldate = {2024-01-04},
}

@Online{insecuriteSociale1,
  author   = {United Nations},
  title    = {L'actualit\'e mondiale Un regard humain},
  year     = {2022},
  date     = {2022-10-28},
  url      = {https://news.un.org/fr/story/2022/10/1129262},
  subtitle = {L'ins\'ecurit\'e en Ha\"iti provoque des d\'eplacements massifs de population, rapporte l'OIM},
  urldate  = {2024-01-04},
}



@online{insecuriteSociale2,
	author    = {United Nations},
	title     = {TEMOIGNAGE â€“ Vivre dans une ins\'ecurit\'e constante en Ha\"iti},
	date = {2022-04-16},
	url       = {https://news.un.org/fr/story/2022/04/1118262},
	urldate = {2024-01-04},
}




@online{insecuriteAlimentaire,
	author    = {United Nations},
	title     = {Ha\"iti : 4,5 millions d'Ha\"itiens menac\'es par la faim (PAM)},
	date = {2022-03-22},
	url       = {https://news.un.org/fr/story/2022/03/1116792#:~:text=La%20population%20d%27Ha%C3%AFti%20souffre%20de%20niveaux%20tr%C3%A8s%20%C3%A9lev%C3%A9s,de%20la%20population%29%20devraient%20souffrir%20de%20la%20faim},
	urldate = {2024-01-04},
}



@online{sante,
	author    = {Ha\"iti Libre},
	title     = {Ha\"iti - Sant\'e : Tout savoir sur les services de sant\'e en Ha\"iti},
	date = {2018-01-09},
	url       = {https://www.haitilibre.com/article-23221-haiti-sante-tout-savoir-sur-les-services-de-sante-en-haiti.html},
	urldate = {2024-01-04},
}

@Online{education1,
  author  = {UNICEF},
  title   = {Education ; Un acc\`es \'equitable \`a l'\'education pour tous les enfants},
  year    = {2017},
  url     = {https://www.unicef.org/haiti/education},
  urldate = {2024-01-04},
}



@online{utilisationInternetEnHaiti,
	author    = {Datareportal},
	title     = {DIGITAL 2022: HAITI ; Internet use in Ha\"iti in 2022},
	date      = {2022-02-16},
	url       = {https://datareportal.com/reports/digital-2022-haiti},
	urldate   = {2024-01-04},
}





@online{utilisationInternetDansLeMonde,
	author    = {Ani, Petrosyan},
	title     = {Internet usage worldwide},
	subtitle  = {Statistics and Facts},
	date      = {2023-12=18},
	url       = {https://www.statista.com/topics/1145/internet-usage-worldwide/},
	urldate   = {2024-01-04},
}





@online{utilisationDesMediasSociales,
	author    = {Hootsuite},
	title     = {Digital 2022 Report Finds Social Media Users Now Equivalent to 58 Percent of the World's Total Population},
	date      = {2022-01-26},
	url       = {https://www.hootsuite.com/newsroom/press-releases/digital-2022-report},
	urldate   = {2024-01-04}
}

@Online{UtilisationMensuelleDeWhatsapp,
  author  = {Statista},
  title   = {Nombre d utilisateurs actifs mensuels de WhatsApp dans le monde d' avril 2013 \`a mars 2020},
  year    = {2023},
  date    = {2023-05-17},
  url     = {https://fr.statista.com/statistiques/564832/nombre-d-utilisateurs-actifs-mensuels-de-whatsapp/},
  urldate = {2024-01-04},
}






@online{apprentissageEnLigne2026,
	author    = {AHSAN, ZAFEER},
	editor    = {\'EQUIPE WSR},
	title     = {STATISTIQUES ET TENDANCES DE L'APPRENTISSAGE EN LIGNE POUR 2023},
	date      = {2023-09-26},
	url       = {https://www.websiterating.com/fr/research/online-learning-statistics/},
	urldate   = {2024-01-04},
}

@Online{apprentissageEnLigne2020,
  author  = {Callimedia},
  title   = {Le march\'e du e-Learning dans le monde},
  year    = {2020},
  date    = {2020-04-08},
  url     = {https://www.callimedia.fr/le-learning-lab/blog/e-learning-chiffres-et-tendances-du-marche/#:~:text=La%20part%20de%20march%C3%A9%20de%20l%E2%80%99e-Learning%20mondial%20est,de%20dollars.%20C%E2%80%99est%20un%20march%C3%A9%20en%20pleine%20expansion},
  urldate = {2024-01-04},
}
%To be checked

@Online{marcheDeLaTelemedecine,
  author  = {Statista},
  title   = {Taille du march\'e mondial de la t\'el\'em\'edecine de 2015 \`a 2021 (en milliards de dollars des \'Etats-Unis)},
  year    = {2020},
  date    = {2020-04-08},
  url     = {https://fr.statista.com/statistiques/980061/telemedecine-taille-du-marche-mondial/},
  urldate = {2024-01-04},
}
%To be checked

@Online{DonneesSanteElectronique,
  author   = {Statista Research Department},
  title    = {Digital Health - Statistics \& Facts},
  year     = {2024},
  date     = {2024-01-10},
  url      = {https://www.statista.com/topics/2409/digital-health/#topicOverview},
}

@Online{ECommerce,
  author   = {Gautier Maxime},
  title    = {L' e-commerce en France - Faits et chiffres},
  year     = {2023},
  date     = {2023-12-13},
  url      = {https://fr.statista.com/themes/2751/l-e-commerce-en-france/#topicOverview},
}

@Online{Teletravail,
  author   = {Review 42},
  title    = {28 Need-To-Know Remote Work Statistics of 2023},
  year     = {2023},
  url      = {https://review42.com/resources/remote-work-statistics/},
}

@Online{URGeo,
  author   = {URG\'eo},
  title    = {\`A propos de l' URG\'eo},
  year     = {2023},
  url      = {http://www.urgeo.net/AboutUs.aspx},
}

@Online{MissionURGeo,
  author   = {URG\'eo},
  title    = {MISSIONS URG\'eo},
  year     = {2023},
  url      = {http://www.urgeo.net/missions.aspx},
}

@Online{DiagActivite,
  author   = {LucidChart},
  title    = {Qu'est-ce qu'un diagramme d'activit\'e UML ?},
  year     = {2023},
  url      = {https://www.lucidchart.com/pages/fr/diagramme-dactivite-uml},
}

@Online{DiagrammeSequence,
  author   = {IBM (International Business Machines Corporation},
  title    = {Diagrammes de s\'equence},
  year     = {2021},
  date     = {2021-03-05},
  url      = {https://www.ibm.com/docs/fr/rsm/7.5.0?topic=uml-sequence-diagrams},
}

@Online{TiJowelOuJetreFatraADeja,
  author   = {AyitiKomik Studio},
  title    = {ti joel fatra},
  year     = {2011},
  url      = {https://www.youtube.com/watch?v=VO68h9apLcE},
}

@Online{DegajePaPeche,
  author   = {AyitiKomik Studio},
  title    = {ti joel pipi nan lari},
  year     = {2011},
  url      = {https://www.youtube.com/watch?v=TdGKWsrFadk},
}

@Misc{WRI,
  author     = {Humanitarian Data Exchange},
  title      = {WorldRiskIndex},
  year       = {2023},
  titleaddon = {Article qui d\'efinit World Risk Index},
  url        = {https://data.humdata.org/m/dataset/worldriskindex},
  urldate    = {2024-01-10},
}



















%Etat de l'art______________________________________________________________________________________________

@Book{SystemedInformation,
  author    = {RALPH M. STAIR and GEORGE W. REYNOLDS},
  title     = {The Principles of Information Systems},
  year      = {2018},
  publisher = {Library of Congress},
  chapter   = {1.1 - What Is an Information System?},
  keywords  = {Systeme d'information},
}

@Online{ApplicationWeb,
  author   = {AWS},
  title    = {What is web application?},
  year     = {2023},
  url      = {https://aws.amazon.com/what-is/web-application/},
  keywords = {Application web },
}

@Online{hddmax,
  author = {How-To-Geek},
  title  = {What' s The Biggest Hard Drive You Can Buy?},
  year   = {2023},
  date   = {2023-020},
  url    = {https://www.howtogeek.com/902164/whats-the-biggest-hard-drive-you-can-buy/},
}

@Online{hhdlong,
  author   = {Backblaze},
  title    = {How Long Do Disk Drives Last?},
  year     = {2021},
  date     = {2021-12-17},
  url      = {https://www.backblaze.com/blog/how-long-do-disk-drives-last/},
}

@Book{stockagesSecondaire,
  author    = {RALPH M. STAIR and GEORGE W. REYNOLDS},
  title     = {The Principles of Information Systems},
  year      = {2018},
  publisher = {Library of Congress},
  chapter   = {3.1.3 - Secondary Data Storage Devices},
  keywords  = {Systeme d'information, Stockage, Stockage secondaire},
}

@Book{stockagesSecondaireMagnetique,
  author    = {RALPH M. STAIR and GEORGE W. REYNOLDS},
  title     = {The Principles of Information Systems},
  year      = {2018},
  publisher = {Library of Congress},
  chapter   = {3.1.3 - Magnetic Secondary Storage Devices},
  keywords  = {Systeme d'information, Stockage, Stockage secondaire, stockage magnetique, disque dur, HDD},
}

@Book{stockagesSecondaireElectrique,
  author    = {RALPH M. STAIR and GEORGE W. REYNOLDS},
  title     = {The Principles of Information Systems},
  year      = {2018},
  publisher = {Library of Congress},
  chapter   = {3.1.3 - Solid State Secondary Storage Devices},
  keywords  = {Systeme d'information, Stockage, Stockage secondaire, stockage electrique, SSD},
}
{SSD1,
	author={Li, Juan Lid Xiao, NongNong Xu, autong Lu and Ch Zhiguang and Liu, Fang and Xing, Yuxuan Chen and Fandg Li,ooktite={2017 IEEE 15th Intl Conf on Dependable, Autonomic and Secure Computing, 15th Intl Conf on Pervasive Intelligence and Computing, 3rd Intl Conf on Big Data Intelligence and Computing and Cyber Science and Technology Congress(DASC/PiCom/DataCom/CyberSciTech)}, 
	title={Review on HDD-Based, SSD-Bbased an Hhybri Kkey-Vaue Stores}, 
	year={2017},
	volume={},
	number={},
	pages={1236-1241},
	keywords={Compaction;Indexes;Big Data;Handheld computers;Optimization;unstructured data;key-value store systems;HDDs;SSDs;memory index overhead reduction;performance},
	doi={10.1109/DASC-PICom-DataCom-CyberSciTec.2017.198}
}

@Book{MethodesEtTechnologies,
  author    = {SUSANTA DUTTA},
  title     = {Computer Storage Fundamental},
  year      = {2018},
  publisher = {BPB, India},
  chapter   = {1 - Type of storage solution},
  keywords  = {Systeme d'information, Stockage, Methodes, Technologies},
}

@Book{MethodesEtTechnologies1,
  author    = {RALPH M. STAIR and GEORGE W. REYNOLDS},
  title     = {The Principles of Information Systems},
  year      = {2018},
  publisher = {Library of Congress},
  chapter   = {3.1.4 - Enterprise Storage Options},
  keywords  = {Systeme d'information, Stockage, Stockage secondaire, stockage electrique, SSD},
}

@Online{frontendprogramming,
  author   = {Coursera},
  title    = {8 Front-End Languages to Learn},
  year     = {2024},
  date     = {2024-04-05},
  url      = {https://www.coursera.org/articles/front-end-languages},
  keywords = {Front-End, Programmation},
}

@Online{backendprogramming,
  author   = {Codecademy},
  title    = {Back-End Programming Languages: Which Should You Learn First?},
  year     = {2021},
  date     = {2021-06-25},
  url      = {https://www.codecademy.com/resources/blog/back-end-programming-languages/},
  keywords = {Back-End, Programmation},
}

@Online{techstack,
  author   = {MongoDB},
  title    = {What is a Tech Stack and How Do They Work?},
  year     = {2024},
  url      = {https://www.mongodb.com/basics/technology-stack},
  keywords = {Back-End, Frront-End, Programmation},
}

@Book{DefinitionDeFichier,
  author    = {Carlos Coronel and Steven Morris},
  title     = {DATABASE SYSTEMS - Design, Implementation and Management},
  year      = {2019},
  publisher = {Cengage},
  chapter   = {1 - Table 1.2},
  keywords  = {Systeme d'information, Stockage, Base de donnees, Systeme de fichiers, fichier},
}

@Book{systemDeFichiers,
  author    = {Carlos Coronel and Steven Morris},
  title     = {DATABASE SYSTEMS - Design, Implementation and Management},
  year      = {2019},
  publisher = {Cengage},
  chapter   = {1.6},
  keywords  = {Systeme d'information, Stockage, Base de donnees, Systeme de fichiers},
}

@Book{UitiliteDesBaseDeDonnees,
  author    = {Carlos Coronel and Steven Morris},
  title     = {DATABASE SYSTEMS - Design, Implementation and Management},
  year      = {2019},
  publisher = {Cengage},
  chapter   = {1.7},
  keywords  = {Systeme d'information, Stockage, Base de donnees, Systeme de fichiers},
}

@Online{AnnAlVote,
  author   = {AyitiKomik Studio},
  title    = {AN N AL VOTE / ELECTION/ FILM D'ANIMATION 2D / HAITI},
  year     = {2011},
  url      = {https://youtu.be/llFtwB7jLow},
  keywords = {Illustration, Vote},
}

@Online{VoteDrawing,
  author   = {GetDrawings},
  title    = {Election Drawing},
  year     = {2024},
  url      = {https://getdrawings.com/election-drawing},
  keywords = {Illustration, vote},
}

@Online{PortDuMasque,
  author   = {Nations Unies},
  title    = {COVID-19 : l'OMS ajuste ses recommandations sur le port du masque},
  year     = {2020},
  url      = {https://www.un.org/fr/coronavirus/articles/recommandations-port-du-masque},
  keywords = {Illustration, Masque, OMS},
}

@Book{CiscoMessage,
  author    = {Brad Edgeworth, Ramiro Garza Rios, David Hucaby and Jason Gooley},
  title     = {CCNP and CCIE Enterprise Core},
  year      = {2020},
  publisher = {Cisco Press},
  chapter   = {17.2},
  keywords  = {Illustration, Cisco},
}


@article{DrawingImproveMemory,
	author = "Jeffrey D. Wammes and Tanya R Jonker and Myra A. Fernandes",
	title = "Drawing improves memory:The importance of multimodal encoding context",
	journal = "Cognition",
	volume = "191",
	number = "10",
	pages = "103955",
	year = "2019",
	DOI = "https://www.sciencedirect.com/science/article/abs/pii/S0010027719301088",
	keywords = "M\'emoire, Illustation"
}


@article{ContextDependencyEffect,
	author = "Harry M., Grant and Lane C, Bredahl and John, Clay and  Jennifer, Ferrie and Jane E, Groves and Timothy A, McDorman and Veronica J, Dark",
	title = "Context-dependent memory for meaningful material: information for students",
	journal = "Applied Cognitive Psychology",
	volume = "12",
	number = " ",
	pages = "617-623",
	year = "1999",
	DOI = "https://onlinelibrary.wiley.com/doi/10.1002/(SICI)1099-0720(1998120)12:6\%3C617::AID-ACP542\%3E3.0.CO;2-5",
	keywords = "M\'emoire, Illustation"
}

@Book{memorisation,
  author    = {John ward},
  title     = {Advanced memory},
  year      = {2020},
  publisher = {Cisco Press},
  chapter   = {17.2},
  keywords  = {Illustration, Cisco},
}




@article{ImageMemoire,
	author = "Merrin Creath Oliver, Rebecca Brooke Bays and Karen M. Zabrucky",
	title = "False memories and the DRM paradigm: effects of imagery, list, and test type",
	journal = "The Journal of General Psychology",
	volume = "143",
	number = "1",
	pages = "33-48",
	year = "2016",
	publisher = "Routledge",
	doi = "10.1080/00221309.2015.1110558",
	note = "PMID: 26786732",
	URL = "https://www.tandfonline.com/doi/abs/10.1080/00221309.2015.1110558",
	eprint ="https://www.tandfonline.com/doi/pdf/10.1080/00221309.2015.1110558"
}

@Online{ImageMemoireb,
  author   = {Universit\'e d'\'Etat de Georgie},
  title    = {Imagery an Effective Way to Enhance Memory, Reduce False Memories, Psychology Study Finds Imagery an Effective Way to Enhance Memory, Reduce False Memories, Psychology Study Finds},
  year     = {2016},
  url      = {https://news.gsu.edu/2016/04/11/imagery-an-effective-way-to-enhance-memory-reduce-false-memories-psychology-study-finds/},
  keywords = {M\'emoire , illustration, Image},
}

@Online{NarrationMemoire,
  author   = {Judy Willis},
  title    = {The Neuroscience of Narrative and Memory},
  year     = {2017},
  url      = {https://www.edutopia.org/article/neuroscience-narrative-and-memory},
  keywords = {M\'emoire , illustration, Narration},
}

@Online{AnalphabetismeHaiti,
  author   = {Banque mondiale},
  title    = {Taux d'alphab\'etisation, total des adultes (\% des personnes \^ag\'ees de 15 ans et plus)},
  year     = {2023},
  url      = {https://donnees.banquemondiale.org/indicator/SE.ADT.LITR.ZS},
  keywords = {M\'emoire , Illustration, Alphab\'etisation},
}

@Online{PetroChallenger1,
  author   = {The World},
  title    = {Meet the Petrochallengers: A new generation wants to bring accountability to Haiti. Can they succeed?},
  year     = {2019},
  url      = {https://theworld.org/stories/2019-04-29/meet-petrochallengers-new-generation-wants-bring-accountability-haiti-can-they},
  keywords = {M\'emoire , Illustration, Slogan},
}

@Book{ArtIllustre,
  author    = {Lawrence Zeegen},
  title     = {The fundamental of illlustration},
  year      = {2020},
  publisher = {Bloombury Visual Arts},
  chapter   = {1.1 - Marketing the product and the art of self-promotion},
  keywords  = {Illustration, Art},
}




@online{PetroChallenger,
	author = {Samuel, Guanon},
	title = {Scandale de corruption en Ha\"iti: Kot k\`ob Petwo Karibe a?},
	date = {2019-02-03},
	url = {https://asfcanada.ca/medias/scandale-de-corruption-en-haiti-kot-kob-petwo-karibe-a/},
	urldate = {2024-01-05},
}

@Online{InternetArchive,
  author   = {INTERNET ARCHIVE},
  title    = {About the Internet Archive},
  year     = {2014},
  url      = {https://archive.org/about/},
  keywords = {M\'emoire , Illustration, Librairie},
}

@Online{OpenLibVision,
  author   = {Open Library},
  title    = {Open Library Vision},
  year     = {2024},
  url      = {https://openlibrary.org/about/vision},
  keywords = {M\'emoire , Illustration, Librairie},
}

@Online{AlainPossible,
  author   = {Nations Unies en Ha\"iti},
  title    = {Alain Possible et le Monde Possible},
  year     = {2018},
  url      = {https://haiti.un.org/fr/937-alain-possible-et-le-monde-possible},
  keywords = {M\'emoire , Illustration, Communication},
}

@Online{MarcheMondialPetrol,
  author      = {IFP Energie Nouvelle},
  title       = {Regard \'economique},
  year        = {2024},
  date        = {2024-01-08},
  url         = {https://www.ifpenergiesnouvelles.fr/article/tableau-bord-marches-petroliers},
  optsubtitle = {Tableau de bord - March\'es p\'etroliers},
  opturldate  = {2024-01-10},
}























%Methodologie_____________________________________________________________________________________
@online{MethodologieDeDeB,
	author = {DAILLAC},
	title = {D\'eveloppement d'applications web: Des m\'ethodologies pour r\'eussir},
	date = {2023-03-16},
	url = {https://www.daillac.com/blogue/developpement-d-applications-web-des-methodologies-pour-reussir},
	urldate = {2024-01-03},
}

@Online{MethodologieDeDeA,
  author   = {ATLASSIAN},
  title    = {D\'eveloppement logiciel},
  year     = {2018},
  url      = {https://haiti.un.org/fr/937-alain-possible-et-le-monde-possible},
  subtitle = {D\'ecouvrez les fondamentaux du d\'eveloppement logiciel},
  urldate  = {2024-01-03},
}

@Online{MethodologieDeDeC,
  author  = {IBM},
  title   = {Qu'est-ce que le d\'eveloppement de logiciel},
  year    = {2020},
  url     = {https://www.ibm.com/fr-fr/topics/software-development},
  urldate = {2024-01-03},
}




@online{MethodeAgile,
	author = {Thibault, Baheux},
	title = {Qu'est-ce que la m\'ethode agile ? D\'efinition, concept, int\'er\^et},
	date = {2024-01-02},
	url = {https://www.reussirsesprojets.com/methode-agile/},
	subtitle = {Qu'est-ce que la m\'ethode agile ?},
	urldate = {2024-01-03},
}




@online{Framework,
	author = {Thibault, Baheux},
	title = {M\'ethodologie projet vs Framework : 25 diff\'erences \`a conna\^itre},
	date = {2023-07-25},
	url = {https://www.reussirsesprojets.com/methodologie-vs-framework/},
	urldate = {2024-01-03},
}




@online{Scrum,
	author = {Claire, DRUMOND},
	title = {Qu'est-ce que Scrum et comment se lancer | Scrum : qu'est-ce que c'est, comment Ã§a marche et comment se lancer},
	subtitle = {Agile et Scrum},
	date = {2023-03-16},
	url = {https://www.daillac.com/blogue/developpement-d-applications-web-des-methodologies-pour-reussir},
	urldate = {2024-01-03},
}

@Book{ArchitectureWebApp,
  author       = {Steve "ardalis" Smith},
  title        = {Architecting Modern Web Application with ASP.NET Core and Microsoft Azure},
  year         = {2023},
  optchapter   = {Choose Between Traditional Web Apps and Single Page Apps (SPAs)},
  optpublisher = {Microsoft Developer Division, .NET, and Visual Studio product teams},
}

@Book{Architecture3Niveau,
  author       = {Steve "ardalis" Smith},
  title        = {Architecting Modern Web Application with ASP.NET Core and Microsoft Azure},
  year         = {2023},
  optchapter   = {Choose Between Traditional Web Apps and Single Page Apps (SPAs)},
  optpublisher = {Microsoft Developer Division, .NET, and Visual Studio product teams},
}




%Autres___________________________________________________________________

@Online{CycleDeVieMPAvsSPA,
  author   = {Sergey Valuy},
  title    = {A Comparison of Single-Page and Multi-Page Applications},
  year     = {2020},
  url      = {https://dzone.com/articles/the-comparison-of-single-page-and-multi-page-appli},
  subtitle = {What Is the Difference Between SPAs and MPAs?},
  urldate  = {2024-01-12},
}

@Book{DefinitionDeFichier2,
  author       = {Abraham, Silberschatz and Peter Baer, Galvin and Greg, Gagne},
  title        = {Operating System Concepts},
  year         = {2018},
  optchapter   = {13},
  optedition   = {10th Edition},
  opteditor    = {Don Fowley},
  opteditora   = {Ryann, Dannelly},
  opteditorb   = {Chris, Nelson},
  opteditorc   = {Ken, Santor},
  optisbn      = {978-1-119-32091-3},
  optpages     = {529-530},
  optpagetotal = {1278},
  optpart      = {6},
  optpublisher = {Laurie Rosatone},
  opturl       = {url},
  opturldate   = {2024-01-14},
}
%url to be added

@Online{MarcheMondialPetrole,
  author     = {Mordor Intelligence},
  title      = {ANALYSE DE LA TAILLE ET DE LA PART DU MARCH\'E EPC DU P\'ETROLE ET DU GAZ - TENDANCES ET PR\'EVISIONS DE CROISSANCE (2023-2028)},
  year       = {2024},
  url        = {https://www.mordorintelligence.com/fr/industry-reports/oil-and-gas-epc-market},
  opturldate = {2024-01-15},
}

@Book{BaseDeDonnees,
  author       = {Carlos, Coronel and Steven, Morris},
  title        = {DATABSE SYSTEMS},
  year         = {2011},
  mainsubtitle = {DESIGN. IMPLEMENTATION \& MANAGEMENT},
  optchapter   = {1},
  optedition   = {13th},
  optpages     = {6},
  optpart      = {1},
  optsubtitle  = {Design, Implementation and Management},
  opturldate   = {2024-01-15},
}

@Online{CycleDeVieDUnSysteme,
  author  = {Vida Bytes},
  title   = {Cycle de vie d'un syst\`eme informatique et ses phases},
  year    = {2022},
  date    = {2022-03-16},
  url     = {https://vidabytes.com/fr/cycle-de-vie-d%27un-syst%C3%A8me-informatique/},
  urldate = {2024-01-16},
}


@online{FacteursDeQualiteDUnSysteme,
	author = {Ayoub O.},
	title = {Les 15 Qualit\'es Incontournables d'un Bon Site Web},
	date = {2023-08-12},
	url = {https://www.hostinger.fr/tutoriels/qualite-site-web},
	urldate = {2024-01-16},
}

@Online{PerimetreDUnProjet,
  author  = {Wrike Community},
  title   = {Qu'est-ce que la port\'ee en gestion de projet?},
  year    = {2024},
  url     = {https://www.wrike.com/fr/project-management-guide/faq/quest-ce-que-la-portee-en-gestion-de-projet/},
  urldate = {2024-01-17},
}

@Online{DeriveDesObjectifs,
  author  = {Wrike Community},
  title   = {Qu'est-ce que la d\'erive des objectifs en gestion de projet?},
  year    = {2024},
  url     = {https://www.wrike.com/fr/project-management-guide/faq/quest-ce-que-la-derive-des-objectifs-en-gestion-de-projet/},
  urldate = {2024-01-17},
}


@online{RessourcesInsuffisantes1,
	author = {Maria Waida},
	title = {Conseils pratiques pour g\'erer les ressources de projet limit\'ees dans les grandes entreprises},
	date = {2021-06-11},
	url = {https://www.wrike.com/fr/blog/conseils-pratiques-pour-gerer-les-ressources-de-projet-limitees-dans-les-grandes-entreprises/},
	urldate = {2024-01-17},
}


@online{RessourcesInsuffisantes2,
	author = {Team Asana},
	title = {7 erreurs courantes en gestion des risques et comment les \'eviter},
	date = {2022-11-17},
	url = {https://asana.com/fr/resources/project-risks},
	urldate = {2024-01-17},
}


@online{SourceFigArchitecture,
	author = { Yuriy Luchaninov},
	title = {Web Application Architecture Best Practices in 2021},
	subtitle = {3 Tier Architecture in Web Development},
	date = {2021-10-04},
	url = {https://dzone.com/articles/web-application-architecture-best-practices-in-202},
	urldate = {2024-01-17},
}

@Online{LatexOfficiel,
  author  = {\LaTeX\ Community},
  title   = {An introduction to LaTeX},
  year    = {2024},
  url     = {https://www.latex-project.org/about/},
  urldate = {2024-01-18},
}

@Online{BalisesLeRobert,
  author  = {Le Robert},
  title   = {balise},
  year    = {2024},
  url     = {https://dictionnaire.lerobert.com/definition/balise},
  note    = {D\'efinition de \textit{Balise}},
  urldate = {2024-01-18},
}

@Online{TexStudio,
  author  = {TeXstudio Community},
  title   = {Welcome to TeXstudio},
  year    = {2024},
  url     = {https://www.texstudio.org/},
  urldate = {2024-01-18},
}

@Book{ModeleDeDonneesDefinition,
  author       = {Hector, Garcia-Molina AND Jeffrey D., Ullman AND Jennifer, Widom},
  title        = {DATABASE SYSTEMS},
  year         = {2008},
  subtitle     = {The Complete Book},
  mainsubtitle = {The Complete Book},
  edition      = {2nd},
  chapter      = {2},
  pages        = {17,},
}

@Book{VueSQL,
  author       = {Hector, Garcia-Molina AND Jeffrey D., Ullman AND Jennifer, Widom},
  title        = {DATABASE SYSTEMS},
  year         = {2008},
  subtitle     = {The Complete Book},
  mainsubtitle = {DESIGN. IMPLEMENTATION \& MANAGEMENT},
  edition      = {2nd},
  chapter      = {8},
  pages        = {341},
}

@Book{TriggerSQL,
  author       = {Hector, Garcia-Molina AND Jeffrey D., Ullman AND Jennifer, Widom},
  title        = {DATABASE SYSTEMS},
  year         = {2008},
  subtitle     = {The Complete Book},
  mainsubtitle = {DESIGN. IMPLEMENTATION \& MANAGEMENT},
  edition      = {2nd},
  chapter      = {7},
  pages        = {332},
}

@Online{dbeaver,
  author = {Community Dbeaver},
  title  = {About},
  year   = {2024},
  url    = {https://dbeaver.io/about/},
}

@Online{nginx,
  author = {NGINX Community},
  title  = {nginx},
  year   = {2024},
  url    = {https://nginx.org/en/},
}

@Online{certbot,
  author = {Certbot Community},
  title  = {about certbot},
  year   = {2024},
  url    = {https://certbot.eff.org/pages/about},
}

@Online{jabref,
  author = {Jabref Community},
  title  = {Get Involved},
  year   = {2024},
  url    = {https://www.jabref.org/},
}

@Online{umlet,
  author = {UMLet Community},
  title  = {UMLet 15.1, Free UML Tool for Fast UML Diagrams},
  year   = {2024},
  url    = {https://www.umlet.com/},
}

@Book{LePetitPrince,
  author = {Saint-Exup\'ery, Antoine de},
  title  = {Le Petit Prince},
  year   = {2011},
}